<?xml version="1.0" encoding="UTF-8"?><collection xmlns="http://www.loc.gov/MARC21/slim"><record><leader>00394nam--2200133-i-4500</leader><controlfield tag="001">000029663</controlfield><controlfield tag="002">20161230</controlfield><controlfield tag="005">20161230201037</controlfield><controlfield tag="008">060222s1000------------r-----000-0-eng-d</controlfield><datafield ind1=" " ind2=" " tag="080"><subfield code="a">543.422.8</subfield></datafield><datafield ind1=" " ind2=" " tag="100"><subfield code="a">Liebhafsky, H.A./S.A.</subfield></datafield><datafield ind1=" " ind2=" " tag="245"><subfield code="a">X-ray absorption and emmision in analytical chemistry. spectrochemical analysis with x-rays</subfield></datafield><datafield ind1=" " ind2=" " tag="260"><subfield code="a">New York, John Wiley, 1960. X+357p</subfield></datafield><datafield ind1=" " ind2=" " tag="852"><subfield code="a">15799</subfield></datafield></record></collection>